%% This BibTeX bibliography file was created using BibDesk.
%% http://bibdesk.sourceforge.net/

%% Created for Teddy Knox at 2015-02-23 00:24:33 -0500 


%% Saved with string encoding Unicode (UTF-8) 



@article{Takagi,
	Author = {Hideyuki Takagi},
	Date-Added = {2015-02-21 21:46:43 +0000},
	Date-Modified = {2015-02-21 21:47:15 +0000},
	Rating = {1},
	Title = {Interactive Evolutionary Computation: Fusion of the Capabilities of EC Optimization and Human Evaluation},
	Bdsk-File-1 = {YnBsaXN0MDDUAQIDBAUGJCVYJHZlcnNpb25YJG9iamVjdHNZJGFyY2hpdmVyVCR0b3ASAAGGoKgHCBMUFRYaIVUkbnVsbNMJCgsMDxJXTlMua2V5c1pOUy5vYmplY3RzViRjbGFzc6INDoACgAOiEBGABIAFgAdccmVsYXRpdmVQYXRoWWFsaWFzRGF0YV8QHi4uL3Jlc291cmNlcy9JbGFuIEJlbmphbWluLnBkZtIXCxgZV05TLmRhdGFPEQHGAAAAAAHGAAIAAANTU0QAAAAAAAAAAAAAAAAAAAAAAAAAAAAAAADN8GnQSCsAAALEmTURSWxhbiBCZW5qYW1pbi5wZGYAAAAAAAAAAAAAAAAAAAAAAAAAAAAAAAAAAAAAAAAAAAAAAAAAAAAAAAAAAAAAAtYJHNEOZucAAAAAAAAAAAABAAIAAAkgAAAAAAAAAAAAAAAAAAAACXJlc291cmNlcwAAEAAIAADN8KIQAAAAEQAIAADRDq03AAAAAQAYAsSZNQLDXR4CDbDcAAnVMwAF3lIAAlnNAAIAVlNTRDpVc2VyczoAdGVkZHlrbm94OgBXb3Jrc3BhY2U6AFJlc2VhcmNoOgBTZW5pb3ItVGhlc2lzOgByZXNvdXJjZXM6AElsYW4gQmVuamFtaW4ucGRmAA4AJAARAEkAbABhAG4AIABCAGUAbgBqAGEAbQBpAG4ALgBwAGQAZgAPAAgAAwBTAFMARAASAExVc2Vycy90ZWRkeWtub3gvV29ya3NwYWNlL1Jlc2VhcmNoL1Nlbmlvci1UaGVzaXMvcmVzb3VyY2VzL0lsYW4gQmVuamFtaW4ucGRmABMAAS8AABUAAgAQ//8AAIAG0hscHR5aJGNsYXNzbmFtZVgkY2xhc3Nlc11OU011dGFibGVEYXRhox0fIFZOU0RhdGFYTlNPYmplY3TSGxwiI1xOU0RpY3Rpb25hcnmiIiBfEA9OU0tleWVkQXJjaGl2ZXLRJidUcm9vdIABAAgAEQAaACMALQAyADcAQABGAE0AVQBgAGcAagBsAG4AcQBzAHUAdwCEAI4ArwC0ALwChgKIAo0CmAKhAq8CswK6AsMCyALVAtgC6gLtAvIAAAAAAAACAQAAAAAAAAAoAAAAAAAAAAAAAAAAAAAC9A==}}

@article{galanter-2,
	Abstract = {In recent years artists have created an explosion of generative art and physical computing installations using the systems studied in complexity science, and leveraging open source technologies such as the Processing programming language and Arduino microcontroller hardware. By using genetic algorithms, reaction diffusion systems, cellular automita, artificial life, deterministic chaos, fractals, Lindenmayer systems, and more artists can generate a seemingly unending stream of visuals and sound. But while these systems offer incredible quantity and variation, they usually lack any self-critical function and simply stream forth without discrimination. This is most apparent in genetic or evolutionary systems where the fitness function is typically not automated and requires interactive selection by the human artist/operator.The next phase of development seems likely to be the study and implementation of computational aesthetic evaluation. Only when computer-based systems are both generative and self-critical will they be worthy of consideration as being truly creative.XEPA is the name of both the art project and individual intelligent sculptures that display animated colored light and produce music and sound. XEPA is an acronym for ``XEPA Emerging Performance Artist.'' Each XEPA ``watches'' the others (via data radio) and modifies its own aesthetic behavior to create a collaborative improvisational performance. In doing so each XEPA independently evaluates the aesthetics of the other sculptures, infers a theme or mood being attempted, and then modifies its own aesthetics to better reinforce that theme. Each performance is unique, and a wide variety of themes and moods can be explored.},
	Annote = {Less research than exploration of artistic possibilities with the state of the art of CAE},
	Author = {Philip Galanter},
	Date-Added = {2015-02-21 21:05:57 +0000},
	Date-Modified = {2015-02-21 21:08:20 +0000},
	Read = {1},
	Title = {XEPA: Intelligent Sculptures as Experimental Platforms for Computational Aesthetic Evaluation},
	Year = {2013},
	Bdsk-File-1 = {YnBsaXN0MDDUAQIDBAUGJCVYJHZlcnNpb25YJG9iamVjdHNZJGFyY2hpdmVyVCR0b3ASAAGGoKgHCBMUFRYaIVUkbnVsbNMJCgsMDxJXTlMua2V5c1pOUy5vYmplY3RzViRjbGFzc6INDoACgAOiEBGABIAFgAdccmVsYXRpdmVQYXRoWWFsaWFzRGF0YV8QLC4uL3Jlc291cmNlcy9pZWVlX3Zpc18yMDEzX2dhbGFudGVyX3hlcGEucGRm0hcLGBlXTlMuZGF0YU8RAf4AAAAAAf4AAgAAA1NTRAAAAAAAAAAAAAAAAAAAAAAAAAAAAAAAAM3wadBIKwAAAsSZNR9pZWVlX3Zpc18yMDEzX2dhbGFudGVyX3hlcGEucGRmAAAAAAAAAAAAAAAAAAAAAAAAAAAAAAAAAAAAAAAAAAAC1U0N0Q5MHAAAAAAAAAAAAAEAAgAACSAAAAAAAAAAAAAAAAAAAAAJcmVzb3VyY2VzAAAQAAgAAM3wohAAAAARAAgAANEOkmwAAAABABgCxJk1AsNdHgINsNwACdUzAAXeUgACWc0AAgBkU1NEOlVzZXJzOgB0ZWRkeWtub3g6AFdvcmtzcGFjZToAUmVzZWFyY2g6AFNlbmlvci1UaGVzaXM6AHJlc291cmNlczoAaWVlZV92aXNfMjAxM19nYWxhbnRlcl94ZXBhLnBkZgAOAEAAHwBpAGUAZQBlAF8AdgBpAHMAXwAyADAAMQAzAF8AZwBhAGwAYQBuAHQAZQByAF8AeABlAHAAYQAuAHAAZABmAA8ACAADAFMAUwBEABIAWlVzZXJzL3RlZGR5a25veC9Xb3Jrc3BhY2UvUmVzZWFyY2gvU2VuaW9yLVRoZXNpcy9yZXNvdXJjZXMvaWVlZV92aXNfMjAxM19nYWxhbnRlcl94ZXBhLnBkZgATAAEvAAAVAAIAEP//AACABtIbHB0eWiRjbGFzc25hbWVYJGNsYXNzZXNdTlNNdXRhYmxlRGF0YaMdHyBWTlNEYXRhWE5TT2JqZWN00hscIiNcTlNEaWN0aW9uYXJ5oiIgXxAPTlNLZXllZEFyY2hpdmVy0SYnVHJvb3SAAQAIABEAGgAjAC0AMgA3AEAARgBNAFUAYABnAGoAbABuAHEAcwB1AHcAhACOAL0AwgDKAswCzgLTAt4C5wL1AvkDAAMJAw4DGwMeAzADMwM4AAAAAAAAAgEAAAAAAAAAKAAAAAAAAAAAAAAAAAAAAzo=}}

@article{galanter-1,
	Abstract = {Computational evolutionary art has been an active practice for at least 20 years. Given the remarkable advances in that time in other realms of computing, including other forms of evolutionary computing, for many a vague feeling of disappointment surrounds evolutionary art. Aesthetic improvement in evolutionary art has been slow, and typically achieved in ways that are not widely generalizable or extensible. So what is the problem with evolutionary art? And, frankly, why isn't it better? In this paper I respond to these questions from my point of view as a practicing artist applying both a technical and art theoretical understanding of evolutionary art. First the lack of robust fitness functions is considered with particular attention to the problem of computa- tional aesthetic evaluation. Next the issue of genetic representation is discussed in the context of complexity and emergence. And finally, and perhaps most im- portantly, the need for art theory around evolutionary and generative art is dis- cussed, and a theory that stands typical evolutionary art on its head is proposed.},
	Annote = {Another forumuation of the ideas in Galanter's talk deck.
},
	Author = {Philip Galanter},
	Date-Added = {2015-02-21 21:04:03 +0000},
	Date-Modified = {2015-02-21 21:08:05 +0000},
	Read = {1},
	Title = {The Problem with Evolutionary Art Is ...},
	Year = {2010},
	Bdsk-File-1 = {YnBsaXN0MDDUAQIDBAUGJCVYJHZlcnNpb25YJG9iamVjdHNZJGFyY2hpdmVyVCR0b3ASAAGGoKgHCBMUFRYaIVUkbnVsbNMJCgsMDxJXTlMua2V5c1pOUy5vYmplY3RzViRjbGFzc6INDoACgAOiEBGABIAFgAdccmVsYXRpdmVQYXRoWWFsaWFzRGF0YV8QQi4uL3Jlc291cmNlcy9ldm9zdGFyMjAxMCAtIGdhbGFudGVyIC0gdGhlIHByb2JsZW0gd2l0aCBldm8gYXJ0LnBkZtIXCxgZV05TLmRhdGFPEQJAAAAAAAJAAAIAAANTU0QAAAAAAAAAAAAAAAAAAAAAAAAAAAAAAADN8GnQSCsAAALEmTUfZXZvc3RhcjIwMTAgLSBnYWxhbiMyRDRDRjc2LnBkZgAAAAAAAAAAAAAAAAAAAAAAAAAAAAAAAAAAAAAAAAAAAtTPdtEOOzEAAAAAAAAAAAABAAIAAAkgAAAAAAAAAAAAAAAAAAAACXJlc291cmNlcwAAEAAIAADN8KIQAAAAEQAIAADRDoGBAAAAAQAYAsSZNQLDXR4CDbDcAAnVMwAF3lIAAlnNAAIAZFNTRDpVc2VyczoAdGVkZHlrbm94OgBXb3Jrc3BhY2U6AFJlc2VhcmNoOgBTZW5pb3ItVGhlc2lzOgByZXNvdXJjZXM6AGV2b3N0YXIyMDEwIC0gZ2FsYW4jMkQ0Q0Y3Ni5wZGYADgBsADUAZQB2AG8AcwB0AGEAcgAyADAAMQAwACAALQAgAGcAYQBsAGEAbgB0AGUAcgAgAC0AIAB0AGgAZQAgAHAAcgBvAGIAbABlAG0AIAB3AGkAdABoACAAZQB2AG8AIABhAHIAdAAuAHAAZABmAA8ACAADAFMAUwBEABIAcFVzZXJzL3RlZGR5a25veC9Xb3Jrc3BhY2UvUmVzZWFyY2gvU2VuaW9yLVRoZXNpcy9yZXNvdXJjZXMvZXZvc3RhcjIwMTAgLSBnYWxhbnRlciAtIHRoZSBwcm9ibGVtIHdpdGggZXZvIGFydC5wZGYAEwABLwAAFQACABD//wAAgAbSGxwdHlokY2xhc3NuYW1lWCRjbGFzc2VzXU5TTXV0YWJsZURhdGGjHR8gVk5TRGF0YVhOU09iamVjdNIbHCIjXE5TRGljdGlvbmFyeaIiIF8QD05TS2V5ZWRBcmNoaXZlctEmJ1Ryb290gAEACAARABoAIwAtADIANwBAAEYATQBVAGAAZwBqAGwAbgBxAHMAdQB3AIQAjgDTANgA4AMkAyYDKwM2Az8DTQNRA1gDYQNmA3MDdgOIA4sDkAAAAAAAAAIBAAAAAAAAACgAAAAAAAAAAAAAAAAAAAOS}}

@article{galanter-3,
	Annote = {Introduction to Galanter's perspective on the state of CAE},
	Author = {Galanter},
	Date-Added = {2015-02-21 21:02:04 +0000},
	Date-Modified = {2015-02-21 21:15:54 +0000},
	Read = {1},
	Title = {Computational Aesthetic Evaluation: Steps Towards Machine Creativity},
	Bdsk-File-1 = {YnBsaXN0MDDUAQIDBAUGJCVYJHZlcnNpb25YJG9iamVjdHNZJGFyY2hpdmVyVCR0b3ASAAGGoKgHCBMUFRYaIVUkbnVsbNMJCgsMDxJXTlMua2V5c1pOUy5vYmplY3RzViRjbGFzc6INDoACgAOiEBGABIAFgAdccmVsYXRpdmVQYXRoWWFsaWFzRGF0YV8QSi4uL3Jlc291cmNlcy9nYWxhbnRlcl9jb21wdXRhdGlvbmFsX2Flc3RoZXRpY19ldmFsdWF0aW9uX3NpZ2dyYXBoXzIwMTIucGRm0hcLGBlXTlMuZGF0YU8RAlgAAAAAAlgAAgAAA1NTRAAAAAAAAAAAAAAAAAAAAAAAAAAAAAAAAM3wadBIKwAAAsSZNR9nYWxhbnRlcl9jb21wdXRhdGlvIzJENEFEMzEucGRmAAAAAAAAAAAAAAAAAAAAAAAAAAAAAAAAAAAAAAAAAAAC1K0x0Q47KgAAAAAAAAAAAAEAAgAACSAAAAAAAAAAAAAAAAAAAAAJcmVzb3VyY2VzAAAQAAgAAM3wohAAAAARAAgAANEOgXoAAAABABgCxJk1AsNdHgINsNwACdUzAAXeUgACWc0AAgBkU1NEOlVzZXJzOgB0ZWRkeWtub3g6AFdvcmtzcGFjZToAUmVzZWFyY2g6AFNlbmlvci1UaGVzaXM6AHJlc291cmNlczoAZ2FsYW50ZXJfY29tcHV0YXRpbyMyRDRBRDMxLnBkZgAOAHwAPQBnAGEAbABhAG4AdABlAHIAXwBjAG8AbQBwAHUAdABhAHQAaQBvAG4AYQBsAF8AYQBlAHMAdABoAGUAdABpAGMAXwBlAHYAYQBsAHUAYQB0AGkAbwBuAF8AcwBpAGcAZwByAGEAcABoAF8AMgAwADEAMgAuAHAAZABmAA8ACAADAFMAUwBEABIAeFVzZXJzL3RlZGR5a25veC9Xb3Jrc3BhY2UvUmVzZWFyY2gvU2VuaW9yLVRoZXNpcy9yZXNvdXJjZXMvZ2FsYW50ZXJfY29tcHV0YXRpb25hbF9hZXN0aGV0aWNfZXZhbHVhdGlvbl9zaWdncmFwaF8yMDEyLnBkZgATAAEvAAAVAAIAEP//AACABtIbHB0eWiRjbGFzc25hbWVYJGNsYXNzZXNdTlNNdXRhYmxlRGF0YaMdHyBWTlNEYXRhWE5TT2JqZWN00hscIiNcTlNEaWN0aW9uYXJ5oiIgXxAPTlNLZXllZEFyY2hpdmVy0SYnVHJvb3SAAQAIABEAGgAjAC0AMgA3AEAARgBNAFUAYABnAGoAbABuAHEAcwB1AHcAhACOANsA4ADoA0QDRgNLA1YDXwNtA3EDeAOBA4YDkwOWA6gDqwOwAAAAAAAAAgEAAAAAAAAAKAAAAAAAAAAAAAAAAAAAA7I=}}

@book{flake,
	Author = {Flake, Gary William},
	Date-Added = {2015-02-21 16:45:35 +0000},
	Date-Modified = {2015-02-21 21:08:28 +0000},
	Publisher = {The MIT Press},
	Title = {The Computational Beauty of Nature},
	Year = {1998}}
