%% This BibTeX bibliography file was created using BibDesk.
%% http://bibdesk.sourceforge.net/

%% Created for Teddy Knox at 2015-02-25 11:29:45 -0500


%% Saved with string encoding Unicode (UTF-8)



@article{Takagi,
	Author = {Hideyuki Takagi},
	Date-Added = {2015-02-21 21:46:43 +0000},
	Date-Modified = {2015-02-21 21:47:15 +0000},
	Rating = {1},
	Title = {Interactive Evolutionary Computation: Fusion of the Capabilities of EC Optimization and Human Evaluation},
	Bdsk-File-1 = {YnBsaXN0MDDUAQIDBAUGJCVYJHZlcnNpb25YJG9iamVjdHNZJGFyY2hpdmVyVCR0b3ASAAGGoKgHCBMUFRYaIVUkbnVsbNMJCgsMDxJXTlMua2V5c1pOUy5vYmplY3RzViRjbGFzc6INDoACgAOiEBGABIAFgAdccmVsYXRpdmVQYXRoWWFsaWFzRGF0YV8QHi4uL3Jlc291cmNlcy9JbGFuIEJlbmphbWluLnBkZtIXCxgZV05TLmRhdGFPEQHGAAAAAAHGAAIAAANTU0QAAAAAAAAAAAAAAAAAAAAAAAAAAAAAAADN8GnQSCsAAALEmTURSWxhbiBCZW5qYW1pbi5wZGYAAAAAAAAAAAAAAAAAAAAAAAAAAAAAAAAAAAAAAAAAAAAAAAAAAAAAAAAAAAAAAtYJHNEOZucAAAAAAAAAAAABAAIAAAkgAAAAAAAAAAAAAAAAAAAACXJlc291cmNlcwAAEAAIAADN8KIQAAAAEQAIAADRDq03AAAAAQAYAsSZNQLDXR4CDbDcAAnVMwAF3lIAAlnNAAIAVlNTRDpVc2VyczoAdGVkZHlrbm94OgBXb3Jrc3BhY2U6AFJlc2VhcmNoOgBTZW5pb3ItVGhlc2lzOgByZXNvdXJjZXM6AElsYW4gQmVuamFtaW4ucGRmAA4AJAARAEkAbABhAG4AIABCAGUAbgBqAGEAbQBpAG4ALgBwAGQAZgAPAAgAAwBTAFMARAASAExVc2Vycy90ZWRkeWtub3gvV29ya3NwYWNlL1Jlc2VhcmNoL1Nlbmlvci1UaGVzaXMvcmVzb3VyY2VzL0lsYW4gQmVuamFtaW4ucGRmABMAAS8AABUAAgAQ//8AAIAG0hscHR5aJGNsYXNzbmFtZVgkY2xhc3Nlc11OU011dGFibGVEYXRhox0fIFZOU0RhdGFYTlNPYmplY3TSGxwiI1xOU0RpY3Rpb25hcnmiIiBfEA9OU0tleWVkQXJjaGl2ZXLRJidUcm9vdIABAAgAEQAaACMALQAyADcAQABGAE0AVQBgAGcAagBsAG4AcQBzAHUAdwCEAI4ArwC0ALwChgKIAo0CmAKhAq8CswK6AsMCyALVAtgC6gLtAvIAAAAAAAACAQAAAAAAAAAoAAAAAAAAAAAAAAAAAAAC9A==}}

@article{galanter-1,
	Abstract = {Computational evolutionary art has been an active practice for at least 20 years. Given the remarkable advances in that time in other realms of computing, including other forms of evolutionary computing, for many a vague feeling of disappointment surrounds evolutionary art. Aesthetic improvement in evolutionary art has been slow, and typically achieved in ways that are not widely generalizable or extensible. So what is the problem with evolutionary art? And, frankly, why isn't it better? In this paper I respond to these questions from my point of view as a practicing artist applying both a technical and art theoretical understanding of evolutionary art. First the lack of robust fitness functions is considered with particular attention to the problem of computa- tional aesthetic evaluation. Next the issue of genetic representation is discussed in the context of complexity and emergence. And finally, and perhaps most im- portantly, the need for art theory around evolutionary and generative art is dis- cussed, and a theory that stands typical evolutionary art on its head is proposed.},
	Annote = {Another forumuation of the ideas in Galanter's talk deck.
},
	Author = {Philip Galanter},
	Date-Added = {2015-02-21 21:04:03 +0000},
	Date-Modified = {2015-02-21 21:08:05 +0000},
	Read = {1},
	Title = {The Problem with Evolutionary Art Is ...},
	Year = {2010},
	Bdsk-File-1 = {YnBsaXN0MDDUAQIDBAUGJCVYJHZlcnNpb25YJG9iamVjdHNZJGFyY2hpdmVyVCR0b3ASAAGGoKgHCBMUFRYaIVUkbnVsbNMJCgsMDxJXTlMua2V5c1pOUy5vYmplY3RzViRjbGFzc6INDoACgAOiEBGABIAFgAdccmVsYXRpdmVQYXRoWWFsaWFzRGF0YV8QQi4uL3Jlc291cmNlcy9ldm9zdGFyMjAxMCAtIGdhbGFudGVyIC0gdGhlIHByb2JsZW0gd2l0aCBldm8gYXJ0LnBkZtIXCxgZV05TLmRhdGFPEQJAAAAAAAJAAAIAAANTU0QAAAAAAAAAAAAAAAAAAAAAAAAAAAAAAADN8GnQSCsAAALEmTUfZXZvc3RhcjIwMTAgLSBnYWxhbiMyRDRDRjc2LnBkZgAAAAAAAAAAAAAAAAAAAAAAAAAAAAAAAAAAAAAAAAAAAtTPdtEOOzEAAAAAAAAAAAABAAIAAAkgAAAAAAAAAAAAAAAAAAAACXJlc291cmNlcwAAEAAIAADN8KIQAAAAEQAIAADRDoGBAAAAAQAYAsSZNQLDXR4CDbDcAAnVMwAF3lIAAlnNAAIAZFNTRDpVc2VyczoAdGVkZHlrbm94OgBXb3Jrc3BhY2U6AFJlc2VhcmNoOgBTZW5pb3ItVGhlc2lzOgByZXNvdXJjZXM6AGV2b3N0YXIyMDEwIC0gZ2FsYW4jMkQ0Q0Y3Ni5wZGYADgBsADUAZQB2AG8AcwB0AGEAcgAyADAAMQAwACAALQAgAGcAYQBsAGEAbgB0AGUAcgAgAC0AIAB0AGgAZQAgAHAAcgBvAGIAbABlAG0AIAB3AGkAdABoACAAZQB2AG8AIABhAHIAdAAuAHAAZABmAA8ACAADAFMAUwBEABIAcFVzZXJzL3RlZGR5a25veC9Xb3Jrc3BhY2UvUmVzZWFyY2gvU2VuaW9yLVRoZXNpcy9yZXNvdXJjZXMvZXZvc3RhcjIwMTAgLSBnYWxhbnRlciAtIHRoZSBwcm9ibGVtIHdpdGggZXZvIGFydC5wZGYAEwABLwAAFQACABD//wAAgAbSGxwdHlokY2xhc3NuYW1lWCRjbGFzc2VzXU5TTXV0YWJsZURhdGGjHR8gVk5TRGF0YVhOU09iamVjdNIbHCIjXE5TRGljdGlvbmFyeaIiIF8QD05TS2V5ZWRBcmNoaXZlctEmJ1Ryb290gAEACAARABoAIwAtADIANwBAAEYATQBVAGAAZwBqAGwAbgBxAHMAdQB3AIQAjgDTANgA4AMkAyYDKwM2Az8DTQNRA1gDYQNmA3MDdgOIA4sDkAAAAAAAAAIBAAAAAAAAACgAAAAAAAAAAAAAAAAAAAOS}}

@article{galanter-3,
	Annote = {Introduction to Galanter's perspective on the state of CAE},
	Author = {Galanter},
	Date-Added = {2015-02-21 21:02:04 +0000},
	Date-Modified = {2015-02-21 21:15:54 +0000},
	Read = {1},
	Title = {Computational Aesthetic Evaluation: Steps Towards Machine Creativity},
	Bdsk-File-1 = {YnBsaXN0MDDUAQIDBAUGJCVYJHZlcnNpb25YJG9iamVjdHNZJGFyY2hpdmVyVCR0b3ASAAGGoKgHCBMUFRYaIVUkbnVsbNMJCgsMDxJXTlMua2V5c1pOUy5vYmplY3RzViRjbGFzc6INDoACgAOiEBGABIAFgAdccmVsYXRpdmVQYXRoWWFsaWFzRGF0YV8QSi4uL3Jlc291cmNlcy9nYWxhbnRlcl9jb21wdXRhdGlvbmFsX2Flc3RoZXRpY19ldmFsdWF0aW9uX3NpZ2dyYXBoXzIwMTIucGRm0hcLGBlXTlMuZGF0YU8RAlgAAAAAAlgAAgAAA1NTRAAAAAAAAAAAAAAAAAAAAAAAAAAAAAAAAM3wadBIKwAAAsSZNR9nYWxhbnRlcl9jb21wdXRhdGlvIzJENEFEMzEucGRmAAAAAAAAAAAAAAAAAAAAAAAAAAAAAAAAAAAAAAAAAAAC1K0x0Q47KgAAAAAAAAAAAAEAAgAACSAAAAAAAAAAAAAAAAAAAAAJcmVzb3VyY2VzAAAQAAgAAM3wohAAAAARAAgAANEOgXoAAAABABgCxJk1AsNdHgINsNwACdUzAAXeUgACWc0AAgBkU1NEOlVzZXJzOgB0ZWRkeWtub3g6AFdvcmtzcGFjZToAUmVzZWFyY2g6AFNlbmlvci1UaGVzaXM6AHJlc291cmNlczoAZ2FsYW50ZXJfY29tcHV0YXRpbyMyRDRBRDMxLnBkZgAOAHwAPQBnAGEAbABhAG4AdABlAHIAXwBjAG8AbQBwAHUAdABhAHQAaQBvAG4AYQBsAF8AYQBlAHMAdABoAGUAdABpAGMAXwBlAHYAYQBsAHUAYQB0AGkAbwBuAF8AcwBpAGcAZwByAGEAcABoAF8AMgAwADEAMgAuAHAAZABmAA8ACAADAFMAUwBEABIAeFVzZXJzL3RlZGR5a25veC9Xb3Jrc3BhY2UvUmVzZWFyY2gvU2VuaW9yLVRoZXNpcy9yZXNvdXJjZXMvZ2FsYW50ZXJfY29tcHV0YXRpb25hbF9hZXN0aGV0aWNfZXZhbHVhdGlvbl9zaWdncmFwaF8yMDEyLnBkZgATAAEvAAAVAAIAEP//AACABtIbHB0eWiRjbGFzc25hbWVYJGNsYXNzZXNdTlNNdXRhYmxlRGF0YaMdHyBWTlNEYXRhWE5TT2JqZWN00hscIiNcTlNEaWN0aW9uYXJ5oiIgXxAPTlNLZXllZEFyY2hpdmVy0SYnVHJvb3SAAQAIABEAGgAjAC0AMgA3AEAARgBNAFUAYABnAGoAbABuAHEAcwB1AHcAhACOANsA4ADoA0QDRgNLA1YDXwNtA3EDeAOBA4YDkwOWA6gDqwOwAAAAAAAAAgEAAAAAAAAAKAAAAAAAAAAAAAAAAAAAA7I=}}

@book{flake,
	Author = {Flake, Gary William},
	Date-Added = {2015-02-21 16:45:35 +0000},
	Date-Modified = {2015-02-21 21:08:28 +0000},
	Publisher = {The MIT Press},
	Title = {The Computational Beauty of Nature},
	Year = {1998}}

@article{koshelev-1,
  title={Towards the use of aesthetics in decision making: Kolmogorov complexity formalizes Birkhoff's idea},
  author={Kosheleva, Misha and Kreinovich, Vladik and Yam, Yeung},
  year={1998}
}

@inproceedings{rigau-1,
  title={Conceptualizing Birkhoff's Aesthetic Measure Using Shannon Entropy and Kolmogorov Complexity.},
  author={Rigau, Jaume and Feixas, Miquel and Sbert, Mateu},
  booktitle={Computational Aesthetics},
  pages={105--112},
  year={2007}
}

@Book{shiffman-1,
 author = {Shiffman, Daniel},
 title = {The nature of code},
 publisher = {D. Shiffman},
 year = {2012},
 address = {United States},
 isbn = {978-0985930806}
 }

@Book{bohnacker-1,
 author = {Bohnacker, Hartmut},
 title = {Generative design : visualize, program, and create with processing},
 publisher = {Princeton Architectural Press},
 year = {2012},
 address = {New York},
 isbn = {9781616890773}
 }

@Book{mccormack2012computers,
 author = {McCormack, Jon},
 title = {Computers and creativity},
 publisher = {Springer},
 year = {2012},
 address = {Berlin New York},
 isbn = {978-3-642-31727-9}
 }

@Book{cipolla2013machine,
 author = {Cipolla, Roberto},
 title = {Machine learning for computer vision},
 publisher = {Springer},
 year = {2013},
 address = {Berlin New York},
 isbn = {978-3-642-28661-2}
 }

@inproceedings{galanter-2,
  title={What is Generative Art? Complexity theory as a context for art theory},
  author={Galanter, Philip},
  booktitle={In GA2003--6th Generative Art Conference},
  year={2003},
  organization={Citeseer}
}

@article{galanter-4,
  title={Complexity, Neuroaesthetics, and Computational Aesthetic Evaluation},
  author={Galanter, Philip},
  journal={13th International Conference on Generative Art (GA2010)},
  year={2010}
}

@book{birkhoff1933aesthetic,
  title={Aesthetic Measure},
  author={Birkhoff, G.D.},
  lccn={lc33007110},
  url={https://books.google.com/books?id=KPXWAAAAMAAJ},
  year={1933},
  publisher={Harvard University Press}
}

@article{gell2004effective,
  title={Effective complexity},
  author={Gell-Mann, Murray and Lloyd, Seth},
  journal={Nonextensive entropy},
  pages={387--398},
  year={2004}
}

@incollection{machado2008experiments,
  title={Experiments in computational aesthetics},
  author={Machado, Penousal and Romero, Juan and Manaris, Bill},
  booktitle={The Art of Artificial Evolution},
  pages={381--415},
  year={2008},
  publisher={Springer}
}

@article{jia2014caffe,
  Author = {Jia, Yangqing and Shelhamer, Evan and Donahue, Jeff and Karayev, Sergey and Long, Jonathan and Girshick, Ross and Guadarrama, Sergio and Darrell, Trevor},
  Journal = {arXiv preprint arXiv:1408.5093},
  Title = {Caffe: Convolutional Architecture for Fast Feature Embedding},
  Year = {2014}
}

@inproceedings{hoenig2005defining,
  title={Defining computational aesthetics},
  author={Hoenig, Florian},
  booktitle={Proceedings of the First Eurographics Conference on Computational Aesthetics in Graphics, Visualization and Imaging},
  pages={13--18},
  year={2005},
  organization={Eurographics Association}
}

@incollection{galanter2012computational,
  title={Computational aesthetic evaluation: Past and future},
  author={Galanter, Philip},
  booktitle={Computers and Creativity},
  pages={255--293},
  year={2012},
  publisher={Springer}
}

@article{szegedy2014going,
  title={Going deeper with convolutions},
  author={Szegedy, Christian and Liu, Wei and Jia, Yangqing and Sermanet, Pierre and Reed, Scott and Anguelov, Dragomir and Erhan, Dumitru and Vanhoucke, Vincent and Rabinovich, Andrew},
  journal={arXiv preprint arXiv:1409.4842},
  year={2014}
}

@incollection{zhou2014computational,
  title={Computational Aesthetic Measurement of Photographs Based on Multi-features with Saliency},
  author={Zhou, Yimin and Tan, Yunlan and Li, Guangyao},
  booktitle={Intelligent Computing Theory},
  pages={357--366},
  year={2014},
  publisher={Springer}
}

@phdthesis{campbell2013self,
  title={Self Organising Map based Method for Understanding High Aesthetic Value Abstract Image Features},
  author={Campbell, Allan},
  year={2013},
  school={Royal Melbourne Institute of Technology Melbourne}
}

@article{lakedeep,
  title={Deep Neural Networks Predict Category Typicality Ratings for Images},
  author={Lake, Brenden M and Zaremba, Wojciech and Fergus, Rob and Gureckis, Todd M}
}

@incollection{NIPS2012_4824,
title = {ImageNet Classification with Deep Convolutional Neural Networks},
author = {Alex Krizhevsky and Sutskever, Ilya and Geoffrey E. Hinton},
booktitle = {Advances in Neural Information Processing Systems 25},
editor = {F. Pereira and C.J.C. Burges and L. Bottou and K.Q. Weinberger},
pages = {1097--1105},
year = {2012},
publisher = {Curran Associates, Inc.},
url = {http://papers.nips.cc/paper/4824-imagenet-classification-with-deep-convolutional-neural-networks.pdf}
}

@article{lecun1989generalization,
  title={Generalization and network design strategies},
  author={LeCun, Yann and others},
  journal={Connections in Perspective. North-Holland, Amsterdam},
  pages={143--55},
  year={1989}
}

@INPROCEEDINGS{Cun90handwrittendigit,
    author = {Le Cun and B. Boser and J. S. Denker and D. Henderson and R. E. Howard and W. Hubbard and L. D. Jackel},
    title = {Handwritten Digit Recognition with a Back-Propagation Network},
    booktitle = {Advances in Neural Information Processing Systems},
    year = {1990},
    pages = {396--404},
    publisher = {Morgan Kaufmann}
}

@article{cybenko1989approximation,
  title={Approximation by superpositions of a sigmoidal function},
  author={Cybenko, George},
  journal={Mathematics of control, signals and systems},
  volume={2},
  number={4},
  pages={303--314},
  year={1989},
  publisher={Springer}
}
